@article{legg2007universal,
  title={Universal intelligence: A definition of machine intelligence},
  author={Legg, Shane and Hutter, Marcus},
  journal={Minds and machines},
  volume={17},
  number={4},
  pages={391--444},
  year={2007},
  publisher={Springer}
}

@article{alexander2019intelligence,
  title={Intelligence via ultrafilters: structural
  properties of some intelligence comparators of deterministic {L}egg-{H}utter agents},
  author={Alexander, Samuel Allen},
  journal={Journal of Artificial General Intelligence},
  volume={10},
  number={1},
  pages={24--45},
  year={2019},
  publisher={Sciendo}
}